%YAML 1.1
%TAG !u! tag:unity3d.com,2011:
--- !u!1 &105988
GameObject:
  m_ObjectHideFlags: 0
  m_PrefabParentObject: {fileID: 0}
  m_PrefabInternal: {fileID: 100100000}
  serializedVersion: 4
  m_Component:
  - 4: {fileID: 439268}
  - 114: {fileID: 11494650}
  - 114: {fileID: 11439628}
  m_Layer: 0
  m_Name: Game Controller
  m_TagString: Untagged
  m_Icon: {fileID: 0}
  m_NavMeshLayer: 0
  m_StaticEditorFlags: 0
  m_IsActive: 1
--- !u!4 &439268
Transform:
  m_ObjectHideFlags: 1
  m_PrefabParentObject: {fileID: 0}
  m_PrefabInternal: {fileID: 100100000}
  m_GameObject: {fileID: 105988}
  m_LocalRotation: {x: 0, y: 0, z: 0, w: 1}
  m_LocalPosition: {x: 0, y: 0, z: 0}
  m_LocalScale: {x: 1, y: 1, z: 1}
  m_Children: []
  m_Father: {fileID: 0}
  m_RootOrder: 0
--- !u!114 &11439628
MonoBehaviour:
  m_ObjectHideFlags: 1
  m_PrefabParentObject: {fileID: 0}
  m_PrefabInternal: {fileID: 100100000}
  m_GameObject: {fileID: 105988}
  m_Enabled: 1
  m_EditorHideFlags: 0
  m_Script: {fileID: 11500000, guid: 6219e309412cb624c81501f1c8985db9, type: 3}
  m_Name: 
  m_EditorClassIdentifier: 
  columns: 10
  rows: 10
  floors:
  - {fileID: 182334, guid: 788c5c0c0e141944e9a5c5b75ecafebc, type: 2}
  - {fileID: 120504, guid: 438f4abd81101dc46b11bdebdc35cefe, type: 2}
  - {fileID: 110318, guid: 19c55026babdd1c41a9f9d9a7da0d5a4, type: 2}
  - {fileID: 184912, guid: d51d279a9f0d1bc49a58560fdecc734c, type: 2}
  - {fileID: 132680, guid: 73e2f0a8475823a4aaccc786ca974bde, type: 2}
  - {fileID: 133288, guid: 2a68cdd4d611f6e4897b2b51b54f14a6, type: 2}
  - {fileID: 194908, guid: 22fbfd41b4c7b684e9b68def672fd4a8, type: 2}
  - {fileID: 190876, guid: e2aa0eba609681643b14c913397118d0, type: 2}
  outerWalls:
  - {fileID: 154442, guid: 7ee5c5ae597a0684ba7b569bbc49a7a0, type: 2}
  - {fileID: 161406, guid: 39fc929ea95d1c74682908b61ef42cbc, type: 2}
  - {fileID: 114742, guid: 8f9b46f1f283aec4abcf243e76914e74, type: 2}
  wallObstacles:
  - {fileID: 113804, guid: 4caad1c5b22a44d42bfd60eacf03aaf4, type: 2}
  - {fileID: 193024, guid: 2cff5b710e8b0e549a1046afa4793bc0, type: 2}
  - {fileID: 102884, guid: 7b6ebba77ea4e7340b360908cdd36401, type: 2}
  - {fileID: 109974, guid: ca8b0b9bca04c9749880421388750c8b, type: 2}
  - {fileID: 186284, guid: cd78633941f1d8842b05301d9a78cd0d, type: 2}
  - {fileID: 122634, guid: f3e7af95bcdb10540aba2909848451c1, type: 2}
  - {fileID: 148370, guid: 1b21c0618ab0ce047af145cc7ab2cb5d, type: 2}
  - {fileID: 103700, guid: e4f3538bd561a8948b1abc8333be1ef6, type: 2}
  foodItems:
  - {fileID: 140932, guid: 200c6733934f8cb4ba332641efa079a7, type: 2}
  - {fileID: 187114, guid: 50dd2c50b37a224429c96bed89136a58, type: 2}
  enemies:
  - {fileID: 136142, guid: bb683e9935735e14e9cf3999ac61c6a7, type: 2}
  - {fileID: 188834, guid: 8b23e293b68cc0b4982128770dedc3d1, type: 2}
  exit: {fileID: 132348, guid: 1029fa344772c574e906e472bd505d23, type: 2}
--- !u!114 &11494650
MonoBehaviour:
  m_ObjectHideFlags: 1
  m_PrefabParentObject: {fileID: 0}
  m_PrefabInternal: {fileID: 100100000}
  m_GameObject: {fileID: 105988}
  m_Enabled: 1
  m_EditorHideFlags: 0
  m_Script: {fileID: 11500000, guid: b02edf13866eed14aa1447e1efd0a882, type: 3}
  m_Name: 
  m_EditorClassIdentifier: 
  isPlayerTurn: 0
  areEnemiesMoving: 0
  playerCurrentHealth: 50
  gameOverSound: {fileID: 8300000, guid: bbdad7cac71eab54fb165d6131d31772, type: 3}
--- !u!1001 &100100000
Prefab:
  m_ObjectHideFlags: 1
  serializedVersion: 2
  m_Modification:
    m_TransformParent: {fileID: 0}
    m_Modifications: []
    m_RemovedComponents: []
  m_ParentPrefab: {fileID: 0}
  m_RootGameObject: {fileID: 105988}
  m_IsPrefabParent: 1
